@online{Car12,
  year = {2012},
  author = {Carlos Ivorra},
  title = {La Catenaria},
  url = {https://www.uv.es/~ivorra/Libros/Catenaria.pdf},
}
@online{Upm17,
  year = {2017},
  author = {{Unidad Docente de Matemáticas de la ETSITGC de la Universidad Politécnica de Madrid}},
  title = {Máximos y mínimos de una función real de dos variables reales},
  url={http://asignaturas.topografia.upm.es/matematicas/segundo/Apuntes%20MII/Extremos_varias_variables.pdf
  },
}
@online{Dan20,
  year = {2020},
  author = {Daniel Teniente},
  title = {Maximizar una funcion},
  url = {https://github.com/danielTeniente/ia-projects/blob/main/Algoritmos_geneticos/Maximizar_funcion.ipynb},
}
@online{Lui15,
  year = {2015},
  author = {Basset Salom,Luisa and Guardiola Villora, Arianna},
  title = {Estructuras formadas por cables},
  url = {https://riunet.upv.es/bitstream/handle/10251/13615/Estructurasformadasporcables.pdf?sequence=1},
}

